%YAML 1.1
%TAG !u! tag:unity3d.com,2011:
--- !u!1 &5934170580172860552
GameObject:
  m_ObjectHideFlags: 0
  m_CorrespondingSourceObject: {fileID: 0}
  m_PrefabInstance: {fileID: 0}
  m_PrefabAsset: {fileID: 0}
  serializedVersion: 6
  m_Component:
  - component: {fileID: 6322779440061567352}
  m_Layer: 0
  m_Name: Barrera
  m_TagString: Untagged
  m_Icon: {fileID: 0}
  m_NavMeshLayer: 0
  m_StaticEditorFlags: 0
  m_IsActive: 1
--- !u!4 &6322779440061567352
Transform:
  m_ObjectHideFlags: 0
  m_CorrespondingSourceObject: {fileID: 0}
  m_PrefabInstance: {fileID: 0}
  m_PrefabAsset: {fileID: 0}
  m_GameObject: {fileID: 5934170580172860552}
  m_LocalRotation: {x: 0, y: 0, z: 0, w: 1}
  m_LocalPosition: {x: -3, y: 1.653, z: -6.5}
  m_LocalScale: {x: 1, y: 1, z: 1}
  m_Children:
  - {fileID: 1583567373877039241}
  - {fileID: 3808261391072540453}
  - {fileID: 1369310730056724248}
  - {fileID: 8566399164657245042}
  - {fileID: 8326840573957796375}
  - {fileID: 2493066826108279048}
  - {fileID: 7267461359158689900}
  - {fileID: 4280338080802524096}
  - {fileID: 9124730245221518011}
  - {fileID: 1150826447298864841}
  - {fileID: 3226455103127157648}
  - {fileID: 90147555610042373}
  - {fileID: 6279370493615514509}
  - {fileID: 7874424605972030691}
  - {fileID: 3714972473735744588}
  - {fileID: 5581838472179712902}
  - {fileID: 6257591859804231277}
  - {fileID: 2472343330573364967}
  - {fileID: 4308428430701491405}
  - {fileID: 6713619424075426092}
  - {fileID: 381223277147459271}
  - {fileID: 6086818199013194814}
  - {fileID: 7578697586427081514}
  - {fileID: 2383053206173566048}
  - {fileID: 9212149885613584130}
  m_Father: {fileID: 0}
  m_RootOrder: 0
  m_LocalEulerAnglesHint: {x: 0, y: 0, z: 0}
--- !u!1001 &198398014874806572
PrefabInstance:
  m_ObjectHideFlags: 0
  serializedVersion: 2
  m_Modification:
    m_TransformParent: {fileID: 6322779440061567352}
    m_Modifications:
    - target: {fileID: -8679921383154817045, guid: b8addb49489408540886ad7826c78997,
        type: 3}
      propertyPath: m_LocalPosition.x
      value: 0.05250001
      objectReference: {fileID: 0}
    - target: {fileID: -8679921383154817045, guid: b8addb49489408540886ad7826c78997,
        type: 3}
      propertyPath: m_LocalPosition.y
      value: -0.09609997
      objectReference: {fileID: 0}
    - target: {fileID: -8679921383154817045, guid: b8addb49489408540886ad7826c78997,
        type: 3}
      propertyPath: m_LocalPosition.z
      value: -4.2
      objectReference: {fileID: 0}
    - target: {fileID: -8679921383154817045, guid: b8addb49489408540886ad7826c78997,
        type: 3}
      propertyPath: m_LocalRotation.x
      value: -0.49999994
      objectReference: {fileID: 0}
    - target: {fileID: -8679921383154817045, guid: b8addb49489408540886ad7826c78997,
        type: 3}
      propertyPath: m_LocalRotation.y
      value: 0.5000001
      objectReference: {fileID: 0}
    - target: {fileID: -8679921383154817045, guid: b8addb49489408540886ad7826c78997,
        type: 3}
      propertyPath: m_LocalRotation.z
      value: 0.5
      objectReference: {fileID: 0}
    - target: {fileID: -8679921383154817045, guid: b8addb49489408540886ad7826c78997,
        type: 3}
      propertyPath: m_LocalRotation.w
      value: 0.5
      objectReference: {fileID: 0}
    - target: {fileID: -8679921383154817045, guid: b8addb49489408540886ad7826c78997,
        type: 3}
      propertyPath: m_RootOrder
      value: 20
      objectReference: {fileID: 0}
    - target: {fileID: -8679921383154817045, guid: b8addb49489408540886ad7826c78997,
        type: 3}
      propertyPath: m_LocalEulerAnglesHint.x
      value: -90.00001
      objectReference: {fileID: 0}
    - target: {fileID: -8679921383154817045, guid: b8addb49489408540886ad7826c78997,
        type: 3}
      propertyPath: m_LocalEulerAnglesHint.y
      value: 0
      objectReference: {fileID: 0}
    - target: {fileID: -8679921383154817045, guid: b8addb49489408540886ad7826c78997,
        type: 3}
      propertyPath: m_LocalEulerAnglesHint.z
      value: 90.00001
      objectReference: {fileID: 0}
    - target: {fileID: 919132149155446097, guid: b8addb49489408540886ad7826c78997,
        type: 3}
      propertyPath: m_Name
      value: Barrier_03 (10)
      objectReference: {fileID: 0}
    m_RemovedComponents: []
  m_SourcePrefab: {fileID: 100100000, guid: b8addb49489408540886ad7826c78997, type: 3}
--- !u!4 &381223277147459271 stripped
Transform:
  m_CorrespondingSourceObject: {fileID: -8679921383154817045, guid: b8addb49489408540886ad7826c78997,
    type: 3}
  m_PrefabInstance: {fileID: 198398014874806572}
  m_PrefabAsset: {fileID: 0}
--- !u!1001 &489482528235505646
PrefabInstance:
  m_ObjectHideFlags: 0
  serializedVersion: 2
  m_Modification:
    m_TransformParent: {fileID: 6322779440061567352}
    m_Modifications:
    - target: {fileID: -8679921383154817045, guid: b8addb49489408540886ad7826c78997,
        type: 3}
      propertyPath: m_LocalPosition.x
      value: 0.049999952
      objectReference: {fileID: 0}
    - target: {fileID: -8679921383154817045, guid: b8addb49489408540886ad7826c78997,
        type: 3}
      propertyPath: m_LocalPosition.y
      value: -0.084499955
      objectReference: {fileID: 0}
    - target: {fileID: -8679921383154817045, guid: b8addb49489408540886ad7826c78997,
        type: 3}
      propertyPath: m_LocalPosition.z
      value: 0.3000002
      objectReference: {fileID: 0}
    - target: {fileID: -8679921383154817045, guid: b8addb49489408540886ad7826c78997,
        type: 3}
      propertyPath: m_LocalRotation.x
      value: -0.49999994
      objectReference: {fileID: 0}
    - target: {fileID: -8679921383154817045, guid: b8addb49489408540886ad7826c78997,
        type: 3}
      propertyPath: m_LocalRotation.y
      value: 0.5000001
      objectReference: {fileID: 0}
    - target: {fileID: -8679921383154817045, guid: b8addb49489408540886ad7826c78997,
        type: 3}
      propertyPath: m_LocalRotation.z
      value: 0.5
      objectReference: {fileID: 0}
    - target: {fileID: -8679921383154817045, guid: b8addb49489408540886ad7826c78997,
        type: 3}
      propertyPath: m_LocalRotation.w
      value: 0.5
      objectReference: {fileID: 0}
    - target: {fileID: -8679921383154817045, guid: b8addb49489408540886ad7826c78997,
        type: 3}
      propertyPath: m_RootOrder
      value: 11
      objectReference: {fileID: 0}
    - target: {fileID: -8679921383154817045, guid: b8addb49489408540886ad7826c78997,
        type: 3}
      propertyPath: m_LocalEulerAnglesHint.x
      value: -90.00001
      objectReference: {fileID: 0}
    - target: {fileID: -8679921383154817045, guid: b8addb49489408540886ad7826c78997,
        type: 3}
      propertyPath: m_LocalEulerAnglesHint.y
      value: 0
      objectReference: {fileID: 0}
    - target: {fileID: -8679921383154817045, guid: b8addb49489408540886ad7826c78997,
        type: 3}
      propertyPath: m_LocalEulerAnglesHint.z
      value: 90.00001
      objectReference: {fileID: 0}
    - target: {fileID: 919132149155446097, guid: b8addb49489408540886ad7826c78997,
        type: 3}
      propertyPath: m_Name
      value: Barrier_03 (5)
      objectReference: {fileID: 0}
    m_RemovedComponents: []
  m_SourcePrefab: {fileID: 100100000, guid: b8addb49489408540886ad7826c78997, type: 3}
--- !u!4 &90147555610042373 stripped
Transform:
  m_CorrespondingSourceObject: {fileID: -8679921383154817045, guid: b8addb49489408540886ad7826c78997,
    type: 3}
  m_PrefabInstance: {fileID: 489482528235505646}
  m_PrefabAsset: {fileID: 0}
--- !u!1001 &608610416664428834
PrefabInstance:
  m_ObjectHideFlags: 0
  serializedVersion: 2
  m_Modification:
    m_TransformParent: {fileID: 6322779440061567352}
    m_Modifications:
    - target: {fileID: -8679921383154817045, guid: b8addb49489408540886ad7826c78997,
        type: 3}
      propertyPath: m_LocalPosition.x
      value: 0.049999952
      objectReference: {fileID: 0}
    - target: {fileID: -8679921383154817045, guid: b8addb49489408540886ad7826c78997,
        type: 3}
      propertyPath: m_LocalPosition.y
      value: -0.08159995
      objectReference: {fileID: 0}
    - target: {fileID: -8679921383154817045, guid: b8addb49489408540886ad7826c78997,
        type: 3}
      propertyPath: m_LocalPosition.z
      value: 1.1999998
      objectReference: {fileID: 0}
    - target: {fileID: -8679921383154817045, guid: b8addb49489408540886ad7826c78997,
        type: 3}
      propertyPath: m_LocalRotation.x
      value: -0.49999994
      objectReference: {fileID: 0}
    - target: {fileID: -8679921383154817045, guid: b8addb49489408540886ad7826c78997,
        type: 3}
      propertyPath: m_LocalRotation.y
      value: 0.5000001
      objectReference: {fileID: 0}
    - target: {fileID: -8679921383154817045, guid: b8addb49489408540886ad7826c78997,
        type: 3}
      propertyPath: m_LocalRotation.z
      value: 0.5
      objectReference: {fileID: 0}
    - target: {fileID: -8679921383154817045, guid: b8addb49489408540886ad7826c78997,
        type: 3}
      propertyPath: m_LocalRotation.w
      value: 0.5
      objectReference: {fileID: 0}
    - target: {fileID: -8679921383154817045, guid: b8addb49489408540886ad7826c78997,
        type: 3}
      propertyPath: m_RootOrder
      value: 9
      objectReference: {fileID: 0}
    - target: {fileID: -8679921383154817045, guid: b8addb49489408540886ad7826c78997,
        type: 3}
      propertyPath: m_LocalEulerAnglesHint.x
      value: -90.00001
      objectReference: {fileID: 0}
    - target: {fileID: -8679921383154817045, guid: b8addb49489408540886ad7826c78997,
        type: 3}
      propertyPath: m_LocalEulerAnglesHint.y
      value: 0
      objectReference: {fileID: 0}
    - target: {fileID: -8679921383154817045, guid: b8addb49489408540886ad7826c78997,
        type: 3}
      propertyPath: m_LocalEulerAnglesHint.z
      value: 90.00001
      objectReference: {fileID: 0}
    - target: {fileID: 919132149155446097, guid: b8addb49489408540886ad7826c78997,
        type: 3}
      propertyPath: m_Name
      value: Barrier_03 (4)
      objectReference: {fileID: 0}
    m_RemovedComponents: []
  m_SourcePrefab: {fileID: 100100000, guid: b8addb49489408540886ad7826c78997, type: 3}
--- !u!4 &1150826447298864841 stripped
Transform:
  m_CorrespondingSourceObject: {fileID: -8679921383154817045, guid: b8addb49489408540886ad7826c78997,
    type: 3}
  m_PrefabInstance: {fileID: 608610416664428834}
  m_PrefabAsset: {fileID: 0}
--- !u!1001 &1329493586918225762
PrefabInstance:
  m_ObjectHideFlags: 0
  serializedVersion: 2
  m_Modification:
    m_TransformParent: {fileID: 6322779440061567352}
    m_Modifications:
    - target: {fileID: -8679921383154817045, guid: e4d91ea7a9425f04cbc622fb40766b83,
        type: 3}
      propertyPath: m_LocalPosition.x
      value: 0
      objectReference: {fileID: 0}
    - target: {fileID: -8679921383154817045, guid: e4d91ea7a9425f04cbc622fb40766b83,
        type: 3}
      propertyPath: m_LocalPosition.y
      value: -0.653
      objectReference: {fileID: 0}
    - target: {fileID: -8679921383154817045, guid: e4d91ea7a9425f04cbc622fb40766b83,
        type: 3}
      propertyPath: m_LocalPosition.z
      value: 5.523
      objectReference: {fileID: 0}
    - target: {fileID: -8679921383154817045, guid: e4d91ea7a9425f04cbc622fb40766b83,
        type: 3}
      propertyPath: m_LocalRotation.x
      value: -0
      objectReference: {fileID: 0}
    - target: {fileID: -8679921383154817045, guid: e4d91ea7a9425f04cbc622fb40766b83,
        type: 3}
      propertyPath: m_LocalRotation.y
      value: -0
      objectReference: {fileID: 0}
    - target: {fileID: -8679921383154817045, guid: e4d91ea7a9425f04cbc622fb40766b83,
        type: 3}
      propertyPath: m_LocalRotation.z
      value: -0
      objectReference: {fileID: 0}
    - target: {fileID: -8679921383154817045, guid: e4d91ea7a9425f04cbc622fb40766b83,
        type: 3}
      propertyPath: m_LocalRotation.w
      value: 1
      objectReference: {fileID: 0}
    - target: {fileID: -8679921383154817045, guid: e4d91ea7a9425f04cbc622fb40766b83,
        type: 3}
      propertyPath: m_RootOrder
      value: 0
      objectReference: {fileID: 0}
    - target: {fileID: -8679921383154817045, guid: e4d91ea7a9425f04cbc622fb40766b83,
        type: 3}
      propertyPath: m_LocalEulerAnglesHint.x
      value: 0
      objectReference: {fileID: 0}
    - target: {fileID: -8679921383154817045, guid: e4d91ea7a9425f04cbc622fb40766b83,
        type: 3}
      propertyPath: m_LocalEulerAnglesHint.y
      value: 0
      objectReference: {fileID: 0}
    - target: {fileID: -8679921383154817045, guid: e4d91ea7a9425f04cbc622fb40766b83,
        type: 3}
      propertyPath: m_LocalEulerAnglesHint.z
      value: 0
      objectReference: {fileID: 0}
    - target: {fileID: -8679921383154817045, guid: e4d91ea7a9425f04cbc622fb40766b83,
        type: 3}
      propertyPath: m_LocalScale.x
      value: 0.096512206
      objectReference: {fileID: 0}
    - target: {fileID: -8679921383154817045, guid: e4d91ea7a9425f04cbc622fb40766b83,
        type: 3}
      propertyPath: m_LocalScale.y
      value: 0.063263044
      objectReference: {fileID: 0}
    - target: {fileID: -8679921383154817045, guid: e4d91ea7a9425f04cbc622fb40766b83,
        type: 3}
      propertyPath: m_LocalScale.z
      value: 0.12255518
      objectReference: {fileID: 0}
    - target: {fileID: 919132149155446097, guid: e4d91ea7a9425f04cbc622fb40766b83,
        type: 3}
      propertyPath: m_Name
      value: Pillar_01 (3)
      objectReference: {fileID: 0}
    m_RemovedComponents: []
  m_SourcePrefab: {fileID: 100100000, guid: e4d91ea7a9425f04cbc622fb40766b83, type: 3}
--- !u!4 &1583567373877039241 stripped
Transform:
  m_CorrespondingSourceObject: {fileID: -8679921383154817045, guid: e4d91ea7a9425f04cbc622fb40766b83,
    type: 3}
  m_PrefabInstance: {fileID: 1329493586918225762}
  m_PrefabAsset: {fileID: 0}
--- !u!1001 &1480133587424774387
PrefabInstance:
  m_ObjectHideFlags: 0
  serializedVersion: 2
  m_Modification:
    m_TransformParent: {fileID: 6322779440061567352}
    m_Modifications:
    - target: {fileID: -8679921383154817045, guid: e4d91ea7a9425f04cbc622fb40766b83,
        type: 3}
      propertyPath: m_LocalPosition.x
      value: 0
      objectReference: {fileID: 0}
    - target: {fileID: -8679921383154817045, guid: e4d91ea7a9425f04cbc622fb40766b83,
        type: 3}
      propertyPath: m_LocalPosition.y
      value: -0.653
      objectReference: {fileID: 0}
    - target: {fileID: -8679921383154817045, guid: e4d91ea7a9425f04cbc622fb40766b83,
        type: 3}
      propertyPath: m_LocalPosition.z
      value: 4.523
      objectReference: {fileID: 0}
    - target: {fileID: -8679921383154817045, guid: e4d91ea7a9425f04cbc622fb40766b83,
        type: 3}
      propertyPath: m_LocalRotation.x
      value: -0
      objectReference: {fileID: 0}
    - target: {fileID: -8679921383154817045, guid: e4d91ea7a9425f04cbc622fb40766b83,
        type: 3}
      propertyPath: m_LocalRotation.y
      value: -0
      objectReference: {fileID: 0}
    - target: {fileID: -8679921383154817045, guid: e4d91ea7a9425f04cbc622fb40766b83,
        type: 3}
      propertyPath: m_LocalRotation.z
      value: -0
      objectReference: {fileID: 0}
    - target: {fileID: -8679921383154817045, guid: e4d91ea7a9425f04cbc622fb40766b83,
        type: 3}
      propertyPath: m_LocalRotation.w
      value: 1
      objectReference: {fileID: 0}
    - target: {fileID: -8679921383154817045, guid: e4d91ea7a9425f04cbc622fb40766b83,
        type: 3}
      propertyPath: m_RootOrder
      value: 2
      objectReference: {fileID: 0}
    - target: {fileID: -8679921383154817045, guid: e4d91ea7a9425f04cbc622fb40766b83,
        type: 3}
      propertyPath: m_LocalEulerAnglesHint.x
      value: 0
      objectReference: {fileID: 0}
    - target: {fileID: -8679921383154817045, guid: e4d91ea7a9425f04cbc622fb40766b83,
        type: 3}
      propertyPath: m_LocalEulerAnglesHint.y
      value: 0
      objectReference: {fileID: 0}
    - target: {fileID: -8679921383154817045, guid: e4d91ea7a9425f04cbc622fb40766b83,
        type: 3}
      propertyPath: m_LocalEulerAnglesHint.z
      value: 0
      objectReference: {fileID: 0}
    - target: {fileID: -8679921383154817045, guid: e4d91ea7a9425f04cbc622fb40766b83,
        type: 3}
      propertyPath: m_LocalScale.x
      value: 0.096512206
      objectReference: {fileID: 0}
    - target: {fileID: -8679921383154817045, guid: e4d91ea7a9425f04cbc622fb40766b83,
        type: 3}
      propertyPath: m_LocalScale.y
      value: 0.063263044
      objectReference: {fileID: 0}
    - target: {fileID: -8679921383154817045, guid: e4d91ea7a9425f04cbc622fb40766b83,
        type: 3}
      propertyPath: m_LocalScale.z
      value: 0.12255518
      objectReference: {fileID: 0}
    - target: {fileID: 919132149155446097, guid: e4d91ea7a9425f04cbc622fb40766b83,
        type: 3}
      propertyPath: m_Name
      value: Pillar_01 (4)
      objectReference: {fileID: 0}
    m_RemovedComponents: []
  m_SourcePrefab: {fileID: 100100000, guid: e4d91ea7a9425f04cbc622fb40766b83, type: 3}
--- !u!4 &1369310730056724248 stripped
Transform:
  m_CorrespondingSourceObject: {fileID: -8679921383154817045, guid: e4d91ea7a9425f04cbc622fb40766b83,
    type: 3}
  m_PrefabInstance: {fileID: 1480133587424774387}
  m_PrefabAsset: {fileID: 0}
--- !u!1001 &2671653193704013539
PrefabInstance:
  m_ObjectHideFlags: 0
  serializedVersion: 2
  m_Modification:
    m_TransformParent: {fileID: 6322779440061567352}
    m_Modifications:
    - target: {fileID: -8679921383154817045, guid: b8addb49489408540886ad7826c78997,
        type: 3}
      propertyPath: m_LocalPosition.x
      value: 0.049999952
      objectReference: {fileID: 0}
    - target: {fileID: -8679921383154817045, guid: b8addb49489408540886ad7826c78997,
        type: 3}
      propertyPath: m_LocalPosition.y
      value: -0.07289994
      objectReference: {fileID: 0}
    - target: {fileID: -8679921383154817045, guid: b8addb49489408540886ad7826c78997,
        type: 3}
      propertyPath: m_LocalPosition.z
      value: 3.9
      objectReference: {fileID: 0}
    - target: {fileID: -8679921383154817045, guid: b8addb49489408540886ad7826c78997,
        type: 3}
      propertyPath: m_LocalRotation.x
      value: -0.49999994
      objectReference: {fileID: 0}
    - target: {fileID: -8679921383154817045, guid: b8addb49489408540886ad7826c78997,
        type: 3}
      propertyPath: m_LocalRotation.y
      value: 0.5000001
      objectReference: {fileID: 0}
    - target: {fileID: -8679921383154817045, guid: b8addb49489408540886ad7826c78997,
        type: 3}
      propertyPath: m_LocalRotation.z
      value: 0.5
      objectReference: {fileID: 0}
    - target: {fileID: -8679921383154817045, guid: b8addb49489408540886ad7826c78997,
        type: 3}
      propertyPath: m_LocalRotation.w
      value: 0.5
      objectReference: {fileID: 0}
    - target: {fileID: -8679921383154817045, guid: b8addb49489408540886ad7826c78997,
        type: 3}
      propertyPath: m_RootOrder
      value: 5
      objectReference: {fileID: 0}
    - target: {fileID: -8679921383154817045, guid: b8addb49489408540886ad7826c78997,
        type: 3}
      propertyPath: m_LocalEulerAnglesHint.x
      value: -90.00001
      objectReference: {fileID: 0}
    - target: {fileID: -8679921383154817045, guid: b8addb49489408540886ad7826c78997,
        type: 3}
      propertyPath: m_LocalEulerAnglesHint.y
      value: 0
      objectReference: {fileID: 0}
    - target: {fileID: -8679921383154817045, guid: b8addb49489408540886ad7826c78997,
        type: 3}
      propertyPath: m_LocalEulerAnglesHint.z
      value: 90.00001
      objectReference: {fileID: 0}
    - target: {fileID: 919132149155446097, guid: b8addb49489408540886ad7826c78997,
        type: 3}
      propertyPath: m_Name
      value: Barrier_03 (1)
      objectReference: {fileID: 0}
    m_RemovedComponents: []
  m_SourcePrefab: {fileID: 100100000, guid: b8addb49489408540886ad7826c78997, type: 3}
--- !u!4 &2493066826108279048 stripped
Transform:
  m_CorrespondingSourceObject: {fileID: -8679921383154817045, guid: b8addb49489408540886ad7826c78997,
    type: 3}
  m_PrefabInstance: {fileID: 2671653193704013539}
  m_PrefabAsset: {fileID: 0}
--- !u!1001 &2721650086808176908
PrefabInstance:
  m_ObjectHideFlags: 0
  serializedVersion: 2
  m_Modification:
    m_TransformParent: {fileID: 6322779440061567352}
    m_Modifications:
    - target: {fileID: -8679921383154817045, guid: e4d91ea7a9425f04cbc622fb40766b83,
        type: 3}
      propertyPath: m_LocalPosition.x
      value: 0
      objectReference: {fileID: 0}
    - target: {fileID: -8679921383154817045, guid: e4d91ea7a9425f04cbc622fb40766b83,
        type: 3}
      propertyPath: m_LocalPosition.y
      value: -0.653
      objectReference: {fileID: 0}
    - target: {fileID: -8679921383154817045, guid: e4d91ea7a9425f04cbc622fb40766b83,
        type: 3}
      propertyPath: m_LocalPosition.z
      value: -2.4770002
      objectReference: {fileID: 0}
    - target: {fileID: -8679921383154817045, guid: e4d91ea7a9425f04cbc622fb40766b83,
        type: 3}
      propertyPath: m_LocalRotation.x
      value: -0
      objectReference: {fileID: 0}
    - target: {fileID: -8679921383154817045, guid: e4d91ea7a9425f04cbc622fb40766b83,
        type: 3}
      propertyPath: m_LocalRotation.y
      value: -0
      objectReference: {fileID: 0}
    - target: {fileID: -8679921383154817045, guid: e4d91ea7a9425f04cbc622fb40766b83,
        type: 3}
      propertyPath: m_LocalRotation.z
      value: -0
      objectReference: {fileID: 0}
    - target: {fileID: -8679921383154817045, guid: e4d91ea7a9425f04cbc622fb40766b83,
        type: 3}
      propertyPath: m_LocalRotation.w
      value: 1
      objectReference: {fileID: 0}
    - target: {fileID: -8679921383154817045, guid: e4d91ea7a9425f04cbc622fb40766b83,
        type: 3}
      propertyPath: m_RootOrder
      value: 17
      objectReference: {fileID: 0}
    - target: {fileID: -8679921383154817045, guid: e4d91ea7a9425f04cbc622fb40766b83,
        type: 3}
      propertyPath: m_LocalEulerAnglesHint.x
      value: 0
      objectReference: {fileID: 0}
    - target: {fileID: -8679921383154817045, guid: e4d91ea7a9425f04cbc622fb40766b83,
        type: 3}
      propertyPath: m_LocalEulerAnglesHint.y
      value: 0
      objectReference: {fileID: 0}
    - target: {fileID: -8679921383154817045, guid: e4d91ea7a9425f04cbc622fb40766b83,
        type: 3}
      propertyPath: m_LocalEulerAnglesHint.z
      value: 0
      objectReference: {fileID: 0}
    - target: {fileID: -8679921383154817045, guid: e4d91ea7a9425f04cbc622fb40766b83,
        type: 3}
      propertyPath: m_LocalScale.x
      value: 0.096512206
      objectReference: {fileID: 0}
    - target: {fileID: -8679921383154817045, guid: e4d91ea7a9425f04cbc622fb40766b83,
        type: 3}
      propertyPath: m_LocalScale.y
      value: 0.063263044
      objectReference: {fileID: 0}
    - target: {fileID: -8679921383154817045, guid: e4d91ea7a9425f04cbc622fb40766b83,
        type: 3}
      propertyPath: m_LocalScale.z
      value: 0.12255518
      objectReference: {fileID: 0}
    - target: {fileID: 919132149155446097, guid: e4d91ea7a9425f04cbc622fb40766b83,
        type: 3}
      propertyPath: m_Name
      value: Pillar_01 (11)
      objectReference: {fileID: 0}
    m_RemovedComponents: []
  m_SourcePrefab: {fileID: 100100000, guid: e4d91ea7a9425f04cbc622fb40766b83, type: 3}
--- !u!4 &2472343330573364967 stripped
Transform:
  m_CorrespondingSourceObject: {fileID: -8679921383154817045, guid: e4d91ea7a9425f04cbc622fb40766b83,
    type: 3}
  m_PrefabInstance: {fileID: 2721650086808176908}
  m_PrefabAsset: {fileID: 0}
--- !u!1001 &2781244618319700875
PrefabInstance:
  m_ObjectHideFlags: 0
  serializedVersion: 2
  m_Modification:
    m_TransformParent: {fileID: 6322779440061567352}
    m_Modifications:
    - target: {fileID: -8679921383154817045, guid: e4d91ea7a9425f04cbc622fb40766b83,
        type: 3}
      propertyPath: m_LocalPosition.x
      value: -0.00049996376
      objectReference: {fileID: 0}
    - target: {fileID: -8679921383154817045, guid: e4d91ea7a9425f04cbc622fb40766b83,
        type: 3}
      propertyPath: m_LocalPosition.y
      value: -0.65270007
      objectReference: {fileID: 0}
    - target: {fileID: -8679921383154817045, guid: e4d91ea7a9425f04cbc622fb40766b83,
        type: 3}
      propertyPath: m_LocalPosition.z
      value: -5.477
      objectReference: {fileID: 0}
    - target: {fileID: -8679921383154817045, guid: e4d91ea7a9425f04cbc622fb40766b83,
        type: 3}
      propertyPath: m_LocalRotation.x
      value: -0
      objectReference: {fileID: 0}
    - target: {fileID: -8679921383154817045, guid: e4d91ea7a9425f04cbc622fb40766b83,
        type: 3}
      propertyPath: m_LocalRotation.y
      value: -0
      objectReference: {fileID: 0}
    - target: {fileID: -8679921383154817045, guid: e4d91ea7a9425f04cbc622fb40766b83,
        type: 3}
      propertyPath: m_LocalRotation.z
      value: -0
      objectReference: {fileID: 0}
    - target: {fileID: -8679921383154817045, guid: e4d91ea7a9425f04cbc622fb40766b83,
        type: 3}
      propertyPath: m_LocalRotation.w
      value: 1
      objectReference: {fileID: 0}
    - target: {fileID: -8679921383154817045, guid: e4d91ea7a9425f04cbc622fb40766b83,
        type: 3}
      propertyPath: m_RootOrder
      value: 23
      objectReference: {fileID: 0}
    - target: {fileID: -8679921383154817045, guid: e4d91ea7a9425f04cbc622fb40766b83,
        type: 3}
      propertyPath: m_LocalEulerAnglesHint.x
      value: 0
      objectReference: {fileID: 0}
    - target: {fileID: -8679921383154817045, guid: e4d91ea7a9425f04cbc622fb40766b83,
        type: 3}
      propertyPath: m_LocalEulerAnglesHint.y
      value: 0
      objectReference: {fileID: 0}
    - target: {fileID: -8679921383154817045, guid: e4d91ea7a9425f04cbc622fb40766b83,
        type: 3}
      propertyPath: m_LocalEulerAnglesHint.z
      value: 0
      objectReference: {fileID: 0}
    - target: {fileID: -8679921383154817045, guid: e4d91ea7a9425f04cbc622fb40766b83,
        type: 3}
      propertyPath: m_LocalScale.x
      value: 0.096512206
      objectReference: {fileID: 0}
    - target: {fileID: -8679921383154817045, guid: e4d91ea7a9425f04cbc622fb40766b83,
        type: 3}
      propertyPath: m_LocalScale.y
      value: 0.063263044
      objectReference: {fileID: 0}
    - target: {fileID: -8679921383154817045, guid: e4d91ea7a9425f04cbc622fb40766b83,
        type: 3}
      propertyPath: m_LocalScale.z
      value: 0.12255518
      objectReference: {fileID: 0}
    - target: {fileID: 919132149155446097, guid: e4d91ea7a9425f04cbc622fb40766b83,
        type: 3}
      propertyPath: m_Name
      value: Pillar_01 (14)
      objectReference: {fileID: 0}
    m_RemovedComponents: []
  m_SourcePrefab: {fileID: 100100000, guid: e4d91ea7a9425f04cbc622fb40766b83, type: 3}
--- !u!4 &2383053206173566048 stripped
Transform:
  m_CorrespondingSourceObject: {fileID: -8679921383154817045, guid: e4d91ea7a9425f04cbc622fb40766b83,
    type: 3}
  m_PrefabInstance: {fileID: 2781244618319700875}
  m_PrefabAsset: {fileID: 0}
--- !u!1001 &3119889185211587707
PrefabInstance:
  m_ObjectHideFlags: 0
  serializedVersion: 2
  m_Modification:
    m_TransformParent: {fileID: 6322779440061567352}
    m_Modifications:
    - target: {fileID: -8679921383154817045, guid: e4d91ea7a9425f04cbc622fb40766b83,
        type: 3}
      propertyPath: m_LocalPosition.x
      value: 0
      objectReference: {fileID: 0}
    - target: {fileID: -8679921383154817045, guid: e4d91ea7a9425f04cbc622fb40766b83,
        type: 3}
      propertyPath: m_LocalPosition.y
      value: -0.653
      objectReference: {fileID: 0}
    - target: {fileID: -8679921383154817045, guid: e4d91ea7a9425f04cbc622fb40766b83,
        type: 3}
      propertyPath: m_LocalPosition.z
      value: 0.52299976
      objectReference: {fileID: 0}
    - target: {fileID: -8679921383154817045, guid: e4d91ea7a9425f04cbc622fb40766b83,
        type: 3}
      propertyPath: m_LocalRotation.x
      value: -0
      objectReference: {fileID: 0}
    - target: {fileID: -8679921383154817045, guid: e4d91ea7a9425f04cbc622fb40766b83,
        type: 3}
      propertyPath: m_LocalRotation.y
      value: -0
      objectReference: {fileID: 0}
    - target: {fileID: -8679921383154817045, guid: e4d91ea7a9425f04cbc622fb40766b83,
        type: 3}
      propertyPath: m_LocalRotation.z
      value: -0
      objectReference: {fileID: 0}
    - target: {fileID: -8679921383154817045, guid: e4d91ea7a9425f04cbc622fb40766b83,
        type: 3}
      propertyPath: m_LocalRotation.w
      value: 1
      objectReference: {fileID: 0}
    - target: {fileID: -8679921383154817045, guid: e4d91ea7a9425f04cbc622fb40766b83,
        type: 3}
      propertyPath: m_RootOrder
      value: 10
      objectReference: {fileID: 0}
    - target: {fileID: -8679921383154817045, guid: e4d91ea7a9425f04cbc622fb40766b83,
        type: 3}
      propertyPath: m_LocalEulerAnglesHint.x
      value: 0
      objectReference: {fileID: 0}
    - target: {fileID: -8679921383154817045, guid: e4d91ea7a9425f04cbc622fb40766b83,
        type: 3}
      propertyPath: m_LocalEulerAnglesHint.y
      value: 0
      objectReference: {fileID: 0}
    - target: {fileID: -8679921383154817045, guid: e4d91ea7a9425f04cbc622fb40766b83,
        type: 3}
      propertyPath: m_LocalEulerAnglesHint.z
      value: 0
      objectReference: {fileID: 0}
    - target: {fileID: -8679921383154817045, guid: e4d91ea7a9425f04cbc622fb40766b83,
        type: 3}
      propertyPath: m_LocalScale.x
      value: 0.096512206
      objectReference: {fileID: 0}
    - target: {fileID: -8679921383154817045, guid: e4d91ea7a9425f04cbc622fb40766b83,
        type: 3}
      propertyPath: m_LocalScale.y
      value: 0.063263044
      objectReference: {fileID: 0}
    - target: {fileID: -8679921383154817045, guid: e4d91ea7a9425f04cbc622fb40766b83,
        type: 3}
      propertyPath: m_LocalScale.z
      value: 0.12255518
      objectReference: {fileID: 0}
    - target: {fileID: 919132149155446097, guid: e4d91ea7a9425f04cbc622fb40766b83,
        type: 3}
      propertyPath: m_Name
      value: Pillar_01 (8)
      objectReference: {fileID: 0}
    m_RemovedComponents: []
  m_SourcePrefab: {fileID: 100100000, guid: e4d91ea7a9425f04cbc622fb40766b83, type: 3}
--- !u!4 &3226455103127157648 stripped
Transform:
  m_CorrespondingSourceObject: {fileID: -8679921383154817045, guid: e4d91ea7a9425f04cbc622fb40766b83,
    type: 3}
  m_PrefabInstance: {fileID: 3119889185211587707}
  m_PrefabAsset: {fileID: 0}
--- !u!1001 &3698318357482426574
PrefabInstance:
  m_ObjectHideFlags: 0
  serializedVersion: 2
  m_Modification:
    m_TransformParent: {fileID: 6322779440061567352}
    m_Modifications:
    - target: {fileID: -8679921383154817045, guid: b8addb49489408540886ad7826c78997,
        type: 3}
      propertyPath: m_LocalPosition.x
      value: 0.049999952
      objectReference: {fileID: 0}
    - target: {fileID: -8679921383154817045, guid: b8addb49489408540886ad7826c78997,
        type: 3}
      propertyPath: m_LocalPosition.y
      value: -0.07000005
      objectReference: {fileID: 0}
    - target: {fileID: -8679921383154817045, guid: b8addb49489408540886ad7826c78997,
        type: 3}
      propertyPath: m_LocalPosition.z
      value: 4.8
      objectReference: {fileID: 0}
    - target: {fileID: -8679921383154817045, guid: b8addb49489408540886ad7826c78997,
        type: 3}
      propertyPath: m_LocalRotation.x
      value: -0.49999994
      objectReference: {fileID: 0}
    - target: {fileID: -8679921383154817045, guid: b8addb49489408540886ad7826c78997,
        type: 3}
      propertyPath: m_LocalRotation.y
      value: 0.5000001
      objectReference: {fileID: 0}
    - target: {fileID: -8679921383154817045, guid: b8addb49489408540886ad7826c78997,
        type: 3}
      propertyPath: m_LocalRotation.z
      value: 0.5
      objectReference: {fileID: 0}
    - target: {fileID: -8679921383154817045, guid: b8addb49489408540886ad7826c78997,
        type: 3}
      propertyPath: m_LocalRotation.w
      value: 0.5
      objectReference: {fileID: 0}
    - target: {fileID: -8679921383154817045, guid: b8addb49489408540886ad7826c78997,
        type: 3}
      propertyPath: m_RootOrder
      value: 1
      objectReference: {fileID: 0}
    - target: {fileID: -8679921383154817045, guid: b8addb49489408540886ad7826c78997,
        type: 3}
      propertyPath: m_LocalEulerAnglesHint.x
      value: -90.00001
      objectReference: {fileID: 0}
    - target: {fileID: -8679921383154817045, guid: b8addb49489408540886ad7826c78997,
        type: 3}
      propertyPath: m_LocalEulerAnglesHint.y
      value: 0
      objectReference: {fileID: 0}
    - target: {fileID: -8679921383154817045, guid: b8addb49489408540886ad7826c78997,
        type: 3}
      propertyPath: m_LocalEulerAnglesHint.z
      value: 90.00001
      objectReference: {fileID: 0}
    - target: {fileID: 919132149155446097, guid: b8addb49489408540886ad7826c78997,
        type: 3}
      propertyPath: m_Name
      value: Barrier_03
      objectReference: {fileID: 0}
    m_RemovedComponents: []
  m_SourcePrefab: {fileID: 100100000, guid: b8addb49489408540886ad7826c78997, type: 3}
--- !u!4 &3808261391072540453 stripped
Transform:
  m_CorrespondingSourceObject: {fileID: -8679921383154817045, guid: b8addb49489408540886ad7826c78997,
    type: 3}
  m_PrefabInstance: {fileID: 3698318357482426574}
  m_PrefabAsset: {fileID: 0}
--- !u!1001 &3748264505019394983
PrefabInstance:
  m_ObjectHideFlags: 0
  serializedVersion: 2
  m_Modification:
    m_TransformParent: {fileID: 6322779440061567352}
    m_Modifications:
    - target: {fileID: -8679921383154817045, guid: e4d91ea7a9425f04cbc622fb40766b83,
        type: 3}
      propertyPath: m_LocalPosition.x
      value: 0
      objectReference: {fileID: 0}
    - target: {fileID: -8679921383154817045, guid: e4d91ea7a9425f04cbc622fb40766b83,
        type: 3}
      propertyPath: m_LocalPosition.y
      value: -0.653
      objectReference: {fileID: 0}
    - target: {fileID: -8679921383154817045, guid: e4d91ea7a9425f04cbc622fb40766b83,
        type: 3}
      propertyPath: m_LocalPosition.z
      value: -1.4770002
      objectReference: {fileID: 0}
    - target: {fileID: -8679921383154817045, guid: e4d91ea7a9425f04cbc622fb40766b83,
        type: 3}
      propertyPath: m_LocalRotation.x
      value: -0
      objectReference: {fileID: 0}
    - target: {fileID: -8679921383154817045, guid: e4d91ea7a9425f04cbc622fb40766b83,
        type: 3}
      propertyPath: m_LocalRotation.y
      value: -0
      objectReference: {fileID: 0}
    - target: {fileID: -8679921383154817045, guid: e4d91ea7a9425f04cbc622fb40766b83,
        type: 3}
      propertyPath: m_LocalRotation.z
      value: -0
      objectReference: {fileID: 0}
    - target: {fileID: -8679921383154817045, guid: e4d91ea7a9425f04cbc622fb40766b83,
        type: 3}
      propertyPath: m_LocalRotation.w
      value: 1
      objectReference: {fileID: 0}
    - target: {fileID: -8679921383154817045, guid: e4d91ea7a9425f04cbc622fb40766b83,
        type: 3}
      propertyPath: m_RootOrder
      value: 14
      objectReference: {fileID: 0}
    - target: {fileID: -8679921383154817045, guid: e4d91ea7a9425f04cbc622fb40766b83,
        type: 3}
      propertyPath: m_LocalEulerAnglesHint.x
      value: 0
      objectReference: {fileID: 0}
    - target: {fileID: -8679921383154817045, guid: e4d91ea7a9425f04cbc622fb40766b83,
        type: 3}
      propertyPath: m_LocalEulerAnglesHint.y
      value: 0
      objectReference: {fileID: 0}
    - target: {fileID: -8679921383154817045, guid: e4d91ea7a9425f04cbc622fb40766b83,
        type: 3}
      propertyPath: m_LocalEulerAnglesHint.z
      value: 0
      objectReference: {fileID: 0}
    - target: {fileID: -8679921383154817045, guid: e4d91ea7a9425f04cbc622fb40766b83,
        type: 3}
      propertyPath: m_LocalScale.x
      value: 0.096512206
      objectReference: {fileID: 0}
    - target: {fileID: -8679921383154817045, guid: e4d91ea7a9425f04cbc622fb40766b83,
        type: 3}
      propertyPath: m_LocalScale.y
      value: 0.063263044
      objectReference: {fileID: 0}
    - target: {fileID: -8679921383154817045, guid: e4d91ea7a9425f04cbc622fb40766b83,
        type: 3}
      propertyPath: m_LocalScale.z
      value: 0.12255518
      objectReference: {fileID: 0}
    - target: {fileID: 919132149155446097, guid: e4d91ea7a9425f04cbc622fb40766b83,
        type: 3}
      propertyPath: m_Name
      value: Pillar_01 (10)
      objectReference: {fileID: 0}
    m_RemovedComponents: []
  m_SourcePrefab: {fileID: 100100000, guid: e4d91ea7a9425f04cbc622fb40766b83, type: 3}
--- !u!4 &3714972473735744588 stripped
Transform:
  m_CorrespondingSourceObject: {fileID: -8679921383154817045, guid: e4d91ea7a9425f04cbc622fb40766b83,
    type: 3}
  m_PrefabInstance: {fileID: 3748264505019394983}
  m_PrefabAsset: {fileID: 0}
--- !u!1001 &4341511452165313318
PrefabInstance:
  m_ObjectHideFlags: 0
  serializedVersion: 2
  m_Modification:
    m_TransformParent: {fileID: 6322779440061567352}
    m_Modifications:
    - target: {fileID: -8679921383154817045, guid: e4d91ea7a9425f04cbc622fb40766b83,
        type: 3}
      propertyPath: m_LocalPosition.x
      value: -0.00049996376
      objectReference: {fileID: 0}
    - target: {fileID: -8679921383154817045, guid: e4d91ea7a9425f04cbc622fb40766b83,
        type: 3}
      propertyPath: m_LocalPosition.y
      value: -0.65270007
      objectReference: {fileID: 0}
    - target: {fileID: -8679921383154817045, guid: e4d91ea7a9425f04cbc622fb40766b83,
        type: 3}
      propertyPath: m_LocalPosition.z
      value: -3.4770002
      objectReference: {fileID: 0}
    - target: {fileID: -8679921383154817045, guid: e4d91ea7a9425f04cbc622fb40766b83,
        type: 3}
      propertyPath: m_LocalRotation.x
      value: -0
      objectReference: {fileID: 0}
    - target: {fileID: -8679921383154817045, guid: e4d91ea7a9425f04cbc622fb40766b83,
        type: 3}
      propertyPath: m_LocalRotation.y
      value: -0
      objectReference: {fileID: 0}
    - target: {fileID: -8679921383154817045, guid: e4d91ea7a9425f04cbc622fb40766b83,
        type: 3}
      propertyPath: m_LocalRotation.z
      value: -0
      objectReference: {fileID: 0}
    - target: {fileID: -8679921383154817045, guid: e4d91ea7a9425f04cbc622fb40766b83,
        type: 3}
      propertyPath: m_LocalRotation.w
      value: 1
      objectReference: {fileID: 0}
    - target: {fileID: -8679921383154817045, guid: e4d91ea7a9425f04cbc622fb40766b83,
        type: 3}
      propertyPath: m_RootOrder
      value: 18
      objectReference: {fileID: 0}
    - target: {fileID: -8679921383154817045, guid: e4d91ea7a9425f04cbc622fb40766b83,
        type: 3}
      propertyPath: m_LocalEulerAnglesHint.x
      value: 0
      objectReference: {fileID: 0}
    - target: {fileID: -8679921383154817045, guid: e4d91ea7a9425f04cbc622fb40766b83,
        type: 3}
      propertyPath: m_LocalEulerAnglesHint.y
      value: 0
      objectReference: {fileID: 0}
    - target: {fileID: -8679921383154817045, guid: e4d91ea7a9425f04cbc622fb40766b83,
        type: 3}
      propertyPath: m_LocalEulerAnglesHint.z
      value: 0
      objectReference: {fileID: 0}
    - target: {fileID: -8679921383154817045, guid: e4d91ea7a9425f04cbc622fb40766b83,
        type: 3}
      propertyPath: m_LocalScale.x
      value: 0.096512206
      objectReference: {fileID: 0}
    - target: {fileID: -8679921383154817045, guid: e4d91ea7a9425f04cbc622fb40766b83,
        type: 3}
      propertyPath: m_LocalScale.y
      value: 0.063263044
      objectReference: {fileID: 0}
    - target: {fileID: -8679921383154817045, guid: e4d91ea7a9425f04cbc622fb40766b83,
        type: 3}
      propertyPath: m_LocalScale.z
      value: 0.12255518
      objectReference: {fileID: 0}
    - target: {fileID: 919132149155446097, guid: e4d91ea7a9425f04cbc622fb40766b83,
        type: 3}
      propertyPath: m_Name
      value: Pillar_01 (12)
      objectReference: {fileID: 0}
    m_RemovedComponents: []
  m_SourcePrefab: {fileID: 100100000, guid: e4d91ea7a9425f04cbc622fb40766b83, type: 3}
--- !u!4 &4308428430701491405 stripped
Transform:
  m_CorrespondingSourceObject: {fileID: -8679921383154817045, guid: e4d91ea7a9425f04cbc622fb40766b83,
    type: 3}
  m_PrefabInstance: {fileID: 4341511452165313318}
  m_PrefabAsset: {fileID: 0}
--- !u!1001 &4389999954676067371
PrefabInstance:
  m_ObjectHideFlags: 0
  serializedVersion: 2
  m_Modification:
    m_TransformParent: {fileID: 6322779440061567352}
    m_Modifications:
    - target: {fileID: -8679921383154817045, guid: b8addb49489408540886ad7826c78997,
        type: 3}
      propertyPath: m_LocalPosition.x
      value: 0.049999952
      objectReference: {fileID: 0}
    - target: {fileID: -8679921383154817045, guid: b8addb49489408540886ad7826c78997,
        type: 3}
      propertyPath: m_LocalPosition.y
      value: -0.07869995
      objectReference: {fileID: 0}
    - target: {fileID: -8679921383154817045, guid: b8addb49489408540886ad7826c78997,
        type: 3}
      propertyPath: m_LocalPosition.z
      value: 2.1
      objectReference: {fileID: 0}
    - target: {fileID: -8679921383154817045, guid: b8addb49489408540886ad7826c78997,
        type: 3}
      propertyPath: m_LocalRotation.x
      value: -0.49999994
      objectReference: {fileID: 0}
    - target: {fileID: -8679921383154817045, guid: b8addb49489408540886ad7826c78997,
        type: 3}
      propertyPath: m_LocalRotation.y
      value: 0.5000001
      objectReference: {fileID: 0}
    - target: {fileID: -8679921383154817045, guid: b8addb49489408540886ad7826c78997,
        type: 3}
      propertyPath: m_LocalRotation.z
      value: 0.5
      objectReference: {fileID: 0}
    - target: {fileID: -8679921383154817045, guid: b8addb49489408540886ad7826c78997,
        type: 3}
      propertyPath: m_LocalRotation.w
      value: 0.5
      objectReference: {fileID: 0}
    - target: {fileID: -8679921383154817045, guid: b8addb49489408540886ad7826c78997,
        type: 3}
      propertyPath: m_RootOrder
      value: 7
      objectReference: {fileID: 0}
    - target: {fileID: -8679921383154817045, guid: b8addb49489408540886ad7826c78997,
        type: 3}
      propertyPath: m_LocalEulerAnglesHint.x
      value: -90.00001
      objectReference: {fileID: 0}
    - target: {fileID: -8679921383154817045, guid: b8addb49489408540886ad7826c78997,
        type: 3}
      propertyPath: m_LocalEulerAnglesHint.y
      value: 0
      objectReference: {fileID: 0}
    - target: {fileID: -8679921383154817045, guid: b8addb49489408540886ad7826c78997,
        type: 3}
      propertyPath: m_LocalEulerAnglesHint.z
      value: 90.00001
      objectReference: {fileID: 0}
    - target: {fileID: 919132149155446097, guid: b8addb49489408540886ad7826c78997,
        type: 3}
      propertyPath: m_Name
      value: Barrier_03 (3)
      objectReference: {fileID: 0}
    m_RemovedComponents: []
  m_SourcePrefab: {fileID: 100100000, guid: b8addb49489408540886ad7826c78997, type: 3}
--- !u!4 &4280338080802524096 stripped
Transform:
  m_CorrespondingSourceObject: {fileID: -8679921383154817045, guid: b8addb49489408540886ad7826c78997,
    type: 3}
  m_PrefabInstance: {fileID: 4389999954676067371}
  m_PrefabAsset: {fileID: 0}
--- !u!1001 &5403217813225399405
PrefabInstance:
  m_ObjectHideFlags: 0
  serializedVersion: 2
  m_Modification:
    m_TransformParent: {fileID: 6322779440061567352}
    m_Modifications:
    - target: {fileID: -8679921383154817045, guid: b8addb49489408540886ad7826c78997,
        type: 3}
      propertyPath: m_LocalPosition.x
      value: 0.05250001
      objectReference: {fileID: 0}
    - target: {fileID: -8679921383154817045, guid: b8addb49489408540886ad7826c78997,
        type: 3}
      propertyPath: m_LocalPosition.y
      value: -0.08739996
      objectReference: {fileID: 0}
    - target: {fileID: -8679921383154817045, guid: b8addb49489408540886ad7826c78997,
        type: 3}
      propertyPath: m_LocalPosition.z
      value: -1.5
      objectReference: {fileID: 0}
    - target: {fileID: -8679921383154817045, guid: b8addb49489408540886ad7826c78997,
        type: 3}
      propertyPath: m_LocalRotation.x
      value: -0.49999994
      objectReference: {fileID: 0}
    - target: {fileID: -8679921383154817045, guid: b8addb49489408540886ad7826c78997,
        type: 3}
      propertyPath: m_LocalRotation.y
      value: 0.5000001
      objectReference: {fileID: 0}
    - target: {fileID: -8679921383154817045, guid: b8addb49489408540886ad7826c78997,
        type: 3}
      propertyPath: m_LocalRotation.z
      value: 0.5
      objectReference: {fileID: 0}
    - target: {fileID: -8679921383154817045, guid: b8addb49489408540886ad7826c78997,
        type: 3}
      propertyPath: m_LocalRotation.w
      value: 0.5
      objectReference: {fileID: 0}
    - target: {fileID: -8679921383154817045, guid: b8addb49489408540886ad7826c78997,
        type: 3}
      propertyPath: m_RootOrder
      value: 15
      objectReference: {fileID: 0}
    - target: {fileID: -8679921383154817045, guid: b8addb49489408540886ad7826c78997,
        type: 3}
      propertyPath: m_LocalEulerAnglesHint.x
      value: -90.00001
      objectReference: {fileID: 0}
    - target: {fileID: -8679921383154817045, guid: b8addb49489408540886ad7826c78997,
        type: 3}
      propertyPath: m_LocalEulerAnglesHint.y
      value: 0
      objectReference: {fileID: 0}
    - target: {fileID: -8679921383154817045, guid: b8addb49489408540886ad7826c78997,
        type: 3}
      propertyPath: m_LocalEulerAnglesHint.z
      value: 90.00001
      objectReference: {fileID: 0}
    - target: {fileID: 919132149155446097, guid: b8addb49489408540886ad7826c78997,
        type: 3}
      propertyPath: m_Name
      value: Barrier_03 (7)
      objectReference: {fileID: 0}
    m_RemovedComponents: []
  m_SourcePrefab: {fileID: 100100000, guid: b8addb49489408540886ad7826c78997, type: 3}
--- !u!4 &5581838472179712902 stripped
Transform:
  m_CorrespondingSourceObject: {fileID: -8679921383154817045, guid: b8addb49489408540886ad7826c78997,
    type: 3}
  m_PrefabInstance: {fileID: 5403217813225399405}
  m_PrefabAsset: {fileID: 0}
--- !u!1001 &5813715340432557158
PrefabInstance:
  m_ObjectHideFlags: 0
  serializedVersion: 2
  m_Modification:
    m_TransformParent: {fileID: 6322779440061567352}
    m_Modifications:
    - target: {fileID: -8679921383154817045, guid: e4d91ea7a9425f04cbc622fb40766b83,
        type: 3}
      propertyPath: m_LocalPosition.x
      value: 0
      objectReference: {fileID: 0}
    - target: {fileID: -8679921383154817045, guid: e4d91ea7a9425f04cbc622fb40766b83,
        type: 3}
      propertyPath: m_LocalPosition.y
      value: -0.653
      objectReference: {fileID: 0}
    - target: {fileID: -8679921383154817045, guid: e4d91ea7a9425f04cbc622fb40766b83,
        type: 3}
      propertyPath: m_LocalPosition.z
      value: -0.47700024
      objectReference: {fileID: 0}
    - target: {fileID: -8679921383154817045, guid: e4d91ea7a9425f04cbc622fb40766b83,
        type: 3}
      propertyPath: m_LocalRotation.x
      value: -0
      objectReference: {fileID: 0}
    - target: {fileID: -8679921383154817045, guid: e4d91ea7a9425f04cbc622fb40766b83,
        type: 3}
      propertyPath: m_LocalRotation.y
      value: -0
      objectReference: {fileID: 0}
    - target: {fileID: -8679921383154817045, guid: e4d91ea7a9425f04cbc622fb40766b83,
        type: 3}
      propertyPath: m_LocalRotation.z
      value: -0
      objectReference: {fileID: 0}
    - target: {fileID: -8679921383154817045, guid: e4d91ea7a9425f04cbc622fb40766b83,
        type: 3}
      propertyPath: m_LocalRotation.w
      value: 1
      objectReference: {fileID: 0}
    - target: {fileID: -8679921383154817045, guid: e4d91ea7a9425f04cbc622fb40766b83,
        type: 3}
      propertyPath: m_RootOrder
      value: 12
      objectReference: {fileID: 0}
    - target: {fileID: -8679921383154817045, guid: e4d91ea7a9425f04cbc622fb40766b83,
        type: 3}
      propertyPath: m_LocalEulerAnglesHint.x
      value: 0
      objectReference: {fileID: 0}
    - target: {fileID: -8679921383154817045, guid: e4d91ea7a9425f04cbc622fb40766b83,
        type: 3}
      propertyPath: m_LocalEulerAnglesHint.y
      value: 0
      objectReference: {fileID: 0}
    - target: {fileID: -8679921383154817045, guid: e4d91ea7a9425f04cbc622fb40766b83,
        type: 3}
      propertyPath: m_LocalEulerAnglesHint.z
      value: 0
      objectReference: {fileID: 0}
    - target: {fileID: -8679921383154817045, guid: e4d91ea7a9425f04cbc622fb40766b83,
        type: 3}
      propertyPath: m_LocalScale.x
      value: 0.096512206
      objectReference: {fileID: 0}
    - target: {fileID: -8679921383154817045, guid: e4d91ea7a9425f04cbc622fb40766b83,
        type: 3}
      propertyPath: m_LocalScale.y
      value: 0.063263044
      objectReference: {fileID: 0}
    - target: {fileID: -8679921383154817045, guid: e4d91ea7a9425f04cbc622fb40766b83,
        type: 3}
      propertyPath: m_LocalScale.z
      value: 0.12255518
      objectReference: {fileID: 0}
    - target: {fileID: 919132149155446097, guid: e4d91ea7a9425f04cbc622fb40766b83,
        type: 3}
      propertyPath: m_Name
      value: Pillar_01 (9)
      objectReference: {fileID: 0}
    m_RemovedComponents: []
  m_SourcePrefab: {fileID: 100100000, guid: e4d91ea7a9425f04cbc622fb40766b83, type: 3}
--- !u!4 &6279370493615514509 stripped
Transform:
  m_CorrespondingSourceObject: {fileID: -8679921383154817045, guid: e4d91ea7a9425f04cbc622fb40766b83,
    type: 3}
  m_PrefabInstance: {fileID: 5813715340432557158}
  m_PrefabAsset: {fileID: 0}
--- !u!1001 &5863079617178153350
PrefabInstance:
  m_ObjectHideFlags: 0
  serializedVersion: 2
  m_Modification:
    m_TransformParent: {fileID: 6322779440061567352}
    m_Modifications:
    - target: {fileID: -8679921383154817045, guid: b8addb49489408540886ad7826c78997,
        type: 3}
      propertyPath: m_LocalPosition.x
      value: 0.05250001
      objectReference: {fileID: 0}
    - target: {fileID: -8679921383154817045, guid: b8addb49489408540886ad7826c78997,
        type: 3}
      propertyPath: m_LocalPosition.y
      value: -0.090299964
      objectReference: {fileID: 0}
    - target: {fileID: -8679921383154817045, guid: b8addb49489408540886ad7826c78997,
        type: 3}
      propertyPath: m_LocalPosition.z
      value: -2.3999996
      objectReference: {fileID: 0}
    - target: {fileID: -8679921383154817045, guid: b8addb49489408540886ad7826c78997,
        type: 3}
      propertyPath: m_LocalRotation.x
      value: -0.49999994
      objectReference: {fileID: 0}
    - target: {fileID: -8679921383154817045, guid: b8addb49489408540886ad7826c78997,
        type: 3}
      propertyPath: m_LocalRotation.y
      value: 0.5000001
      objectReference: {fileID: 0}
    - target: {fileID: -8679921383154817045, guid: b8addb49489408540886ad7826c78997,
        type: 3}
      propertyPath: m_LocalRotation.z
      value: 0.5
      objectReference: {fileID: 0}
    - target: {fileID: -8679921383154817045, guid: b8addb49489408540886ad7826c78997,
        type: 3}
      propertyPath: m_LocalRotation.w
      value: 0.5
      objectReference: {fileID: 0}
    - target: {fileID: -8679921383154817045, guid: b8addb49489408540886ad7826c78997,
        type: 3}
      propertyPath: m_RootOrder
      value: 16
      objectReference: {fileID: 0}
    - target: {fileID: -8679921383154817045, guid: b8addb49489408540886ad7826c78997,
        type: 3}
      propertyPath: m_LocalEulerAnglesHint.x
      value: -90.00001
      objectReference: {fileID: 0}
    - target: {fileID: -8679921383154817045, guid: b8addb49489408540886ad7826c78997,
        type: 3}
      propertyPath: m_LocalEulerAnglesHint.y
      value: 0
      objectReference: {fileID: 0}
    - target: {fileID: -8679921383154817045, guid: b8addb49489408540886ad7826c78997,
        type: 3}
      propertyPath: m_LocalEulerAnglesHint.z
      value: 90.00001
      objectReference: {fileID: 0}
    - target: {fileID: 919132149155446097, guid: b8addb49489408540886ad7826c78997,
        type: 3}
      propertyPath: m_Name
      value: Barrier_03 (8)
      objectReference: {fileID: 0}
    m_RemovedComponents: []
  m_SourcePrefab: {fileID: 100100000, guid: b8addb49489408540886ad7826c78997, type: 3}
--- !u!4 &6257591859804231277 stripped
Transform:
  m_CorrespondingSourceObject: {fileID: -8679921383154817045, guid: b8addb49489408540886ad7826c78997,
    type: 3}
  m_PrefabInstance: {fileID: 5863079617178153350}
  m_PrefabAsset: {fileID: 0}
--- !u!1001 &6048899012229929941
PrefabInstance:
  m_ObjectHideFlags: 0
  serializedVersion: 2
  m_Modification:
    m_TransformParent: {fileID: 6322779440061567352}
    m_Modifications:
    - target: {fileID: -8679921383154817045, guid: e4d91ea7a9425f04cbc622fb40766b83,
        type: 3}
      propertyPath: m_LocalPosition.x
      value: -0.00049996376
      objectReference: {fileID: 0}
    - target: {fileID: -8679921383154817045, guid: e4d91ea7a9425f04cbc622fb40766b83,
        type: 3}
      propertyPath: m_LocalPosition.y
      value: -0.65270007
      objectReference: {fileID: 0}
    - target: {fileID: -8679921383154817045, guid: e4d91ea7a9425f04cbc622fb40766b83,
        type: 3}
      propertyPath: m_LocalPosition.z
      value: -4.477
      objectReference: {fileID: 0}
    - target: {fileID: -8679921383154817045, guid: e4d91ea7a9425f04cbc622fb40766b83,
        type: 3}
      propertyPath: m_LocalRotation.x
      value: -0
      objectReference: {fileID: 0}
    - target: {fileID: -8679921383154817045, guid: e4d91ea7a9425f04cbc622fb40766b83,
        type: 3}
      propertyPath: m_LocalRotation.y
      value: -0
      objectReference: {fileID: 0}
    - target: {fileID: -8679921383154817045, guid: e4d91ea7a9425f04cbc622fb40766b83,
        type: 3}
      propertyPath: m_LocalRotation.z
      value: -0
      objectReference: {fileID: 0}
    - target: {fileID: -8679921383154817045, guid: e4d91ea7a9425f04cbc622fb40766b83,
        type: 3}
      propertyPath: m_LocalRotation.w
      value: 1
      objectReference: {fileID: 0}
    - target: {fileID: -8679921383154817045, guid: e4d91ea7a9425f04cbc622fb40766b83,
        type: 3}
      propertyPath: m_RootOrder
      value: 21
      objectReference: {fileID: 0}
    - target: {fileID: -8679921383154817045, guid: e4d91ea7a9425f04cbc622fb40766b83,
        type: 3}
      propertyPath: m_LocalEulerAnglesHint.x
      value: 0
      objectReference: {fileID: 0}
    - target: {fileID: -8679921383154817045, guid: e4d91ea7a9425f04cbc622fb40766b83,
        type: 3}
      propertyPath: m_LocalEulerAnglesHint.y
      value: 0
      objectReference: {fileID: 0}
    - target: {fileID: -8679921383154817045, guid: e4d91ea7a9425f04cbc622fb40766b83,
        type: 3}
      propertyPath: m_LocalEulerAnglesHint.z
      value: 0
      objectReference: {fileID: 0}
    - target: {fileID: -8679921383154817045, guid: e4d91ea7a9425f04cbc622fb40766b83,
        type: 3}
      propertyPath: m_LocalScale.x
      value: 0.096512206
      objectReference: {fileID: 0}
    - target: {fileID: -8679921383154817045, guid: e4d91ea7a9425f04cbc622fb40766b83,
        type: 3}
      propertyPath: m_LocalScale.y
      value: 0.063263044
      objectReference: {fileID: 0}
    - target: {fileID: -8679921383154817045, guid: e4d91ea7a9425f04cbc622fb40766b83,
        type: 3}
      propertyPath: m_LocalScale.z
      value: 0.12255518
      objectReference: {fileID: 0}
    - target: {fileID: 919132149155446097, guid: e4d91ea7a9425f04cbc622fb40766b83,
        type: 3}
      propertyPath: m_Name
      value: Pillar_01 (13)
      objectReference: {fileID: 0}
    m_RemovedComponents: []
  m_SourcePrefab: {fileID: 100100000, guid: e4d91ea7a9425f04cbc622fb40766b83, type: 3}
--- !u!4 &6086818199013194814 stripped
Transform:
  m_CorrespondingSourceObject: {fileID: -8679921383154817045, guid: e4d91ea7a9425f04cbc622fb40766b83,
    type: 3}
  m_PrefabInstance: {fileID: 6048899012229929941}
  m_PrefabAsset: {fileID: 0}
--- !u!1001 &6530545150271213255
PrefabInstance:
  m_ObjectHideFlags: 0
  serializedVersion: 2
  m_Modification:
    m_TransformParent: {fileID: 6322779440061567352}
    m_Modifications:
    - target: {fileID: -8679921383154817045, guid: b8addb49489408540886ad7826c78997,
        type: 3}
      propertyPath: m_LocalPosition.x
      value: 0.05250001
      objectReference: {fileID: 0}
    - target: {fileID: -8679921383154817045, guid: b8addb49489408540886ad7826c78997,
        type: 3}
      propertyPath: m_LocalPosition.y
      value: -0.09319997
      objectReference: {fileID: 0}
    - target: {fileID: -8679921383154817045, guid: b8addb49489408540886ad7826c78997,
        type: 3}
      propertyPath: m_LocalPosition.z
      value: -3.3000002
      objectReference: {fileID: 0}
    - target: {fileID: -8679921383154817045, guid: b8addb49489408540886ad7826c78997,
        type: 3}
      propertyPath: m_LocalRotation.x
      value: -0.49999994
      objectReference: {fileID: 0}
    - target: {fileID: -8679921383154817045, guid: b8addb49489408540886ad7826c78997,
        type: 3}
      propertyPath: m_LocalRotation.y
      value: 0.5000001
      objectReference: {fileID: 0}
    - target: {fileID: -8679921383154817045, guid: b8addb49489408540886ad7826c78997,
        type: 3}
      propertyPath: m_LocalRotation.z
      value: 0.5
      objectReference: {fileID: 0}
    - target: {fileID: -8679921383154817045, guid: b8addb49489408540886ad7826c78997,
        type: 3}
      propertyPath: m_LocalRotation.w
      value: 0.5
      objectReference: {fileID: 0}
    - target: {fileID: -8679921383154817045, guid: b8addb49489408540886ad7826c78997,
        type: 3}
      propertyPath: m_RootOrder
      value: 19
      objectReference: {fileID: 0}
    - target: {fileID: -8679921383154817045, guid: b8addb49489408540886ad7826c78997,
        type: 3}
      propertyPath: m_LocalEulerAnglesHint.x
      value: -90.00001
      objectReference: {fileID: 0}
    - target: {fileID: -8679921383154817045, guid: b8addb49489408540886ad7826c78997,
        type: 3}
      propertyPath: m_LocalEulerAnglesHint.y
      value: 0
      objectReference: {fileID: 0}
    - target: {fileID: -8679921383154817045, guid: b8addb49489408540886ad7826c78997,
        type: 3}
      propertyPath: m_LocalEulerAnglesHint.z
      value: 90.00001
      objectReference: {fileID: 0}
    - target: {fileID: 919132149155446097, guid: b8addb49489408540886ad7826c78997,
        type: 3}
      propertyPath: m_Name
      value: Barrier_03 (9)
      objectReference: {fileID: 0}
    m_RemovedComponents: []
  m_SourcePrefab: {fileID: 100100000, guid: b8addb49489408540886ad7826c78997, type: 3}
--- !u!4 &6713619424075426092 stripped
Transform:
  m_CorrespondingSourceObject: {fileID: -8679921383154817045, guid: b8addb49489408540886ad7826c78997,
    type: 3}
  m_PrefabInstance: {fileID: 6530545150271213255}
  m_PrefabAsset: {fileID: 0}
--- !u!1001 &7156656195983730567
PrefabInstance:
  m_ObjectHideFlags: 0
  serializedVersion: 2
  m_Modification:
    m_TransformParent: {fileID: 6322779440061567352}
    m_Modifications:
    - target: {fileID: -8679921383154817045, guid: b8addb49489408540886ad7826c78997,
        type: 3}
      propertyPath: m_LocalPosition.x
      value: 0.049999952
      objectReference: {fileID: 0}
    - target: {fileID: -8679921383154817045, guid: b8addb49489408540886ad7826c78997,
        type: 3}
      propertyPath: m_LocalPosition.y
      value: -0.07579994
      objectReference: {fileID: 0}
    - target: {fileID: -8679921383154817045, guid: b8addb49489408540886ad7826c78997,
        type: 3}
      propertyPath: m_LocalPosition.z
      value: 3
      objectReference: {fileID: 0}
    - target: {fileID: -8679921383154817045, guid: b8addb49489408540886ad7826c78997,
        type: 3}
      propertyPath: m_LocalRotation.x
      value: -0.49999994
      objectReference: {fileID: 0}
    - target: {fileID: -8679921383154817045, guid: b8addb49489408540886ad7826c78997,
        type: 3}
      propertyPath: m_LocalRotation.y
      value: 0.5000001
      objectReference: {fileID: 0}
    - target: {fileID: -8679921383154817045, guid: b8addb49489408540886ad7826c78997,
        type: 3}
      propertyPath: m_LocalRotation.z
      value: 0.5
      objectReference: {fileID: 0}
    - target: {fileID: -8679921383154817045, guid: b8addb49489408540886ad7826c78997,
        type: 3}
      propertyPath: m_LocalRotation.w
      value: 0.5
      objectReference: {fileID: 0}
    - target: {fileID: -8679921383154817045, guid: b8addb49489408540886ad7826c78997,
        type: 3}
      propertyPath: m_RootOrder
      value: 6
      objectReference: {fileID: 0}
    - target: {fileID: -8679921383154817045, guid: b8addb49489408540886ad7826c78997,
        type: 3}
      propertyPath: m_LocalEulerAnglesHint.x
      value: -90.00001
      objectReference: {fileID: 0}
    - target: {fileID: -8679921383154817045, guid: b8addb49489408540886ad7826c78997,
        type: 3}
      propertyPath: m_LocalEulerAnglesHint.y
      value: 0
      objectReference: {fileID: 0}
    - target: {fileID: -8679921383154817045, guid: b8addb49489408540886ad7826c78997,
        type: 3}
      propertyPath: m_LocalEulerAnglesHint.z
      value: 90.00001
      objectReference: {fileID: 0}
    - target: {fileID: 919132149155446097, guid: b8addb49489408540886ad7826c78997,
        type: 3}
      propertyPath: m_Name
      value: Barrier_03 (2)
      objectReference: {fileID: 0}
    m_RemovedComponents: []
  m_SourcePrefab: {fileID: 100100000, guid: b8addb49489408540886ad7826c78997, type: 3}
--- !u!4 &7267461359158689900 stripped
Transform:
  m_CorrespondingSourceObject: {fileID: -8679921383154817045, guid: b8addb49489408540886ad7826c78997,
    type: 3}
  m_PrefabInstance: {fileID: 7156656195983730567}
  m_PrefabAsset: {fileID: 0}
--- !u!1001 &7695853552483402504
PrefabInstance:
  m_ObjectHideFlags: 0
  serializedVersion: 2
  m_Modification:
    m_TransformParent: {fileID: 6322779440061567352}
    m_Modifications:
    - target: {fileID: -8679921383154817045, guid: b8addb49489408540886ad7826c78997,
        type: 3}
      propertyPath: m_LocalPosition.x
      value: 0.049999952
      objectReference: {fileID: 0}
    - target: {fileID: -8679921383154817045, guid: b8addb49489408540886ad7826c78997,
        type: 3}
      propertyPath: m_LocalPosition.y
      value: -0.08739996
      objectReference: {fileID: 0}
    - target: {fileID: -8679921383154817045, guid: b8addb49489408540886ad7826c78997,
        type: 3}
      propertyPath: m_LocalPosition.z
      value: -0.5999999
      objectReference: {fileID: 0}
    - target: {fileID: -8679921383154817045, guid: b8addb49489408540886ad7826c78997,
        type: 3}
      propertyPath: m_LocalRotation.x
      value: -0.49999994
      objectReference: {fileID: 0}
    - target: {fileID: -8679921383154817045, guid: b8addb49489408540886ad7826c78997,
        type: 3}
      propertyPath: m_LocalRotation.y
      value: 0.5000001
      objectReference: {fileID: 0}
    - target: {fileID: -8679921383154817045, guid: b8addb49489408540886ad7826c78997,
        type: 3}
      propertyPath: m_LocalRotation.z
      value: 0.5
      objectReference: {fileID: 0}
    - target: {fileID: -8679921383154817045, guid: b8addb49489408540886ad7826c78997,
        type: 3}
      propertyPath: m_LocalRotation.w
      value: 0.5
      objectReference: {fileID: 0}
    - target: {fileID: -8679921383154817045, guid: b8addb49489408540886ad7826c78997,
        type: 3}
      propertyPath: m_RootOrder
      value: 13
      objectReference: {fileID: 0}
    - target: {fileID: -8679921383154817045, guid: b8addb49489408540886ad7826c78997,
        type: 3}
      propertyPath: m_LocalEulerAnglesHint.x
      value: -90.00001
      objectReference: {fileID: 0}
    - target: {fileID: -8679921383154817045, guid: b8addb49489408540886ad7826c78997,
        type: 3}
      propertyPath: m_LocalEulerAnglesHint.y
      value: 0
      objectReference: {fileID: 0}
    - target: {fileID: -8679921383154817045, guid: b8addb49489408540886ad7826c78997,
        type: 3}
      propertyPath: m_LocalEulerAnglesHint.z
      value: 90.00001
      objectReference: {fileID: 0}
    - target: {fileID: 919132149155446097, guid: b8addb49489408540886ad7826c78997,
        type: 3}
      propertyPath: m_Name
      value: Barrier_03 (6)
      objectReference: {fileID: 0}
    m_RemovedComponents: []
  m_SourcePrefab: {fileID: 100100000, guid: b8addb49489408540886ad7826c78997, type: 3}
--- !u!4 &7874424605972030691 stripped
Transform:
  m_CorrespondingSourceObject: {fileID: -8679921383154817045, guid: b8addb49489408540886ad7826c78997,
    type: 3}
  m_PrefabInstance: {fileID: 7695853552483402504}
  m_PrefabAsset: {fileID: 0}
--- !u!1001 &7973139563007038657
PrefabInstance:
  m_ObjectHideFlags: 0
  serializedVersion: 2
  m_Modification:
    m_TransformParent: {fileID: 6322779440061567352}
    m_Modifications:
    - target: {fileID: -8679921383154817045, guid: b8addb49489408540886ad7826c78997,
        type: 3}
      propertyPath: m_LocalPosition.x
      value: 0.05250001
      objectReference: {fileID: 0}
    - target: {fileID: -8679921383154817045, guid: b8addb49489408540886ad7826c78997,
        type: 3}
      propertyPath: m_LocalPosition.y
      value: -0.09899998
      objectReference: {fileID: 0}
    - target: {fileID: -8679921383154817045, guid: b8addb49489408540886ad7826c78997,
        type: 3}
      propertyPath: m_LocalPosition.z
      value: -5.1000004
      objectReference: {fileID: 0}
    - target: {fileID: -8679921383154817045, guid: b8addb49489408540886ad7826c78997,
        type: 3}
      propertyPath: m_LocalRotation.x
      value: -0.49999994
      objectReference: {fileID: 0}
    - target: {fileID: -8679921383154817045, guid: b8addb49489408540886ad7826c78997,
        type: 3}
      propertyPath: m_LocalRotation.y
      value: 0.5000001
      objectReference: {fileID: 0}
    - target: {fileID: -8679921383154817045, guid: b8addb49489408540886ad7826c78997,
        type: 3}
      propertyPath: m_LocalRotation.z
      value: 0.5
      objectReference: {fileID: 0}
    - target: {fileID: -8679921383154817045, guid: b8addb49489408540886ad7826c78997,
        type: 3}
      propertyPath: m_LocalRotation.w
      value: 0.5
      objectReference: {fileID: 0}
    - target: {fileID: -8679921383154817045, guid: b8addb49489408540886ad7826c78997,
        type: 3}
      propertyPath: m_RootOrder
      value: 22
      objectReference: {fileID: 0}
    - target: {fileID: -8679921383154817045, guid: b8addb49489408540886ad7826c78997,
        type: 3}
      propertyPath: m_LocalEulerAnglesHint.x
      value: -90.00001
      objectReference: {fileID: 0}
    - target: {fileID: -8679921383154817045, guid: b8addb49489408540886ad7826c78997,
        type: 3}
      propertyPath: m_LocalEulerAnglesHint.y
      value: 0
      objectReference: {fileID: 0}
    - target: {fileID: -8679921383154817045, guid: b8addb49489408540886ad7826c78997,
        type: 3}
      propertyPath: m_LocalEulerAnglesHint.z
      value: 90.00001
      objectReference: {fileID: 0}
    - target: {fileID: 919132149155446097, guid: b8addb49489408540886ad7826c78997,
        type: 3}
      propertyPath: m_Name
      value: Barrier_03 (11)
      objectReference: {fileID: 0}
    m_RemovedComponents: []
  m_SourcePrefab: {fileID: 100100000, guid: b8addb49489408540886ad7826c78997, type: 3}
--- !u!4 &7578697586427081514 stripped
Transform:
  m_CorrespondingSourceObject: {fileID: -8679921383154817045, guid: b8addb49489408540886ad7826c78997,
    type: 3}
  m_PrefabInstance: {fileID: 7973139563007038657}
  m_PrefabAsset: {fileID: 0}
--- !u!1001 &8172713747373391001
PrefabInstance:
  m_ObjectHideFlags: 0
  serializedVersion: 2
  m_Modification:
    m_TransformParent: {fileID: 6322779440061567352}
    m_Modifications:
    - target: {fileID: -8679921383154817045, guid: e4d91ea7a9425f04cbc622fb40766b83,
        type: 3}
      propertyPath: m_LocalPosition.x
      value: 0
      objectReference: {fileID: 0}
    - target: {fileID: -8679921383154817045, guid: e4d91ea7a9425f04cbc622fb40766b83,
        type: 3}
      propertyPath: m_LocalPosition.y
      value: -0.653
      objectReference: {fileID: 0}
    - target: {fileID: -8679921383154817045, guid: e4d91ea7a9425f04cbc622fb40766b83,
        type: 3}
      propertyPath: m_LocalPosition.z
      value: 3.523
      objectReference: {fileID: 0}
    - target: {fileID: -8679921383154817045, guid: e4d91ea7a9425f04cbc622fb40766b83,
        type: 3}
      propertyPath: m_LocalRotation.x
      value: -0
      objectReference: {fileID: 0}
    - target: {fileID: -8679921383154817045, guid: e4d91ea7a9425f04cbc622fb40766b83,
        type: 3}
      propertyPath: m_LocalRotation.y
      value: -0
      objectReference: {fileID: 0}
    - target: {fileID: -8679921383154817045, guid: e4d91ea7a9425f04cbc622fb40766b83,
        type: 3}
      propertyPath: m_LocalRotation.z
      value: -0
      objectReference: {fileID: 0}
    - target: {fileID: -8679921383154817045, guid: e4d91ea7a9425f04cbc622fb40766b83,
        type: 3}
      propertyPath: m_LocalRotation.w
      value: 1
      objectReference: {fileID: 0}
    - target: {fileID: -8679921383154817045, guid: e4d91ea7a9425f04cbc622fb40766b83,
        type: 3}
      propertyPath: m_RootOrder
      value: 3
      objectReference: {fileID: 0}
    - target: {fileID: -8679921383154817045, guid: e4d91ea7a9425f04cbc622fb40766b83,
        type: 3}
      propertyPath: m_LocalEulerAnglesHint.x
      value: 0
      objectReference: {fileID: 0}
    - target: {fileID: -8679921383154817045, guid: e4d91ea7a9425f04cbc622fb40766b83,
        type: 3}
      propertyPath: m_LocalEulerAnglesHint.y
      value: 0
      objectReference: {fileID: 0}
    - target: {fileID: -8679921383154817045, guid: e4d91ea7a9425f04cbc622fb40766b83,
        type: 3}
      propertyPath: m_LocalEulerAnglesHint.z
      value: 0
      objectReference: {fileID: 0}
    - target: {fileID: -8679921383154817045, guid: e4d91ea7a9425f04cbc622fb40766b83,
        type: 3}
      propertyPath: m_LocalScale.x
      value: 0.096512206
      objectReference: {fileID: 0}
    - target: {fileID: -8679921383154817045, guid: e4d91ea7a9425f04cbc622fb40766b83,
        type: 3}
      propertyPath: m_LocalScale.y
      value: 0.063263044
      objectReference: {fileID: 0}
    - target: {fileID: -8679921383154817045, guid: e4d91ea7a9425f04cbc622fb40766b83,
        type: 3}
      propertyPath: m_LocalScale.z
      value: 0.12255518
      objectReference: {fileID: 0}
    - target: {fileID: 919132149155446097, guid: e4d91ea7a9425f04cbc622fb40766b83,
        type: 3}
      propertyPath: m_Name
      value: Pillar_01 (5)
      objectReference: {fileID: 0}
    m_RemovedComponents: []
  m_SourcePrefab: {fileID: 100100000, guid: e4d91ea7a9425f04cbc622fb40766b83, type: 3}
--- !u!4 &8566399164657245042 stripped
Transform:
  m_CorrespondingSourceObject: {fileID: -8679921383154817045, guid: e4d91ea7a9425f04cbc622fb40766b83,
    type: 3}
  m_PrefabInstance: {fileID: 8172713747373391001}
  m_PrefabAsset: {fileID: 0}
--- !u!1001 &8359903698719938044
PrefabInstance:
  m_ObjectHideFlags: 0
  serializedVersion: 2
  m_Modification:
    m_TransformParent: {fileID: 6322779440061567352}
    m_Modifications:
    - target: {fileID: -8679921383154817045, guid: e4d91ea7a9425f04cbc622fb40766b83,
        type: 3}
      propertyPath: m_LocalPosition.x
      value: 0
      objectReference: {fileID: 0}
    - target: {fileID: -8679921383154817045, guid: e4d91ea7a9425f04cbc622fb40766b83,
        type: 3}
      propertyPath: m_LocalPosition.y
      value: -0.653
      objectReference: {fileID: 0}
    - target: {fileID: -8679921383154817045, guid: e4d91ea7a9425f04cbc622fb40766b83,
        type: 3}
      propertyPath: m_LocalPosition.z
      value: 2.523
      objectReference: {fileID: 0}
    - target: {fileID: -8679921383154817045, guid: e4d91ea7a9425f04cbc622fb40766b83,
        type: 3}
      propertyPath: m_LocalRotation.x
      value: -0
      objectReference: {fileID: 0}
    - target: {fileID: -8679921383154817045, guid: e4d91ea7a9425f04cbc622fb40766b83,
        type: 3}
      propertyPath: m_LocalRotation.y
      value: -0
      objectReference: {fileID: 0}
    - target: {fileID: -8679921383154817045, guid: e4d91ea7a9425f04cbc622fb40766b83,
        type: 3}
      propertyPath: m_LocalRotation.z
      value: -0
      objectReference: {fileID: 0}
    - target: {fileID: -8679921383154817045, guid: e4d91ea7a9425f04cbc622fb40766b83,
        type: 3}
      propertyPath: m_LocalRotation.w
      value: 1
      objectReference: {fileID: 0}
    - target: {fileID: -8679921383154817045, guid: e4d91ea7a9425f04cbc622fb40766b83,
        type: 3}
      propertyPath: m_RootOrder
      value: 4
      objectReference: {fileID: 0}
    - target: {fileID: -8679921383154817045, guid: e4d91ea7a9425f04cbc622fb40766b83,
        type: 3}
      propertyPath: m_LocalEulerAnglesHint.x
      value: 0
      objectReference: {fileID: 0}
    - target: {fileID: -8679921383154817045, guid: e4d91ea7a9425f04cbc622fb40766b83,
        type: 3}
      propertyPath: m_LocalEulerAnglesHint.y
      value: 0
      objectReference: {fileID: 0}
    - target: {fileID: -8679921383154817045, guid: e4d91ea7a9425f04cbc622fb40766b83,
        type: 3}
      propertyPath: m_LocalEulerAnglesHint.z
      value: 0
      objectReference: {fileID: 0}
    - target: {fileID: -8679921383154817045, guid: e4d91ea7a9425f04cbc622fb40766b83,
        type: 3}
      propertyPath: m_LocalScale.x
      value: 0.096512206
      objectReference: {fileID: 0}
    - target: {fileID: -8679921383154817045, guid: e4d91ea7a9425f04cbc622fb40766b83,
        type: 3}
      propertyPath: m_LocalScale.y
      value: 0.063263044
      objectReference: {fileID: 0}
    - target: {fileID: -8679921383154817045, guid: e4d91ea7a9425f04cbc622fb40766b83,
        type: 3}
      propertyPath: m_LocalScale.z
      value: 0.12255518
      objectReference: {fileID: 0}
    - target: {fileID: 919132149155446097, guid: e4d91ea7a9425f04cbc622fb40766b83,
        type: 3}
      propertyPath: m_Name
      value: Pillar_01 (6)
      objectReference: {fileID: 0}
    m_RemovedComponents: []
  m_SourcePrefab: {fileID: 100100000, guid: e4d91ea7a9425f04cbc622fb40766b83, type: 3}
--- !u!4 &8326840573957796375 stripped
Transform:
  m_CorrespondingSourceObject: {fileID: -8679921383154817045, guid: e4d91ea7a9425f04cbc622fb40766b83,
    type: 3}
  m_PrefabInstance: {fileID: 8359903698719938044}
  m_PrefabAsset: {fileID: 0}
--- !u!1001 &8670160450188101865
PrefabInstance:
  m_ObjectHideFlags: 0
  serializedVersion: 2
  m_Modification:
    m_TransformParent: {fileID: 6322779440061567352}
    m_Modifications:
    - target: {fileID: -8679921383154817045, guid: b8addb49489408540886ad7826c78997,
        type: 3}
      propertyPath: m_LocalPosition.x
      value: 0.05250001
      objectReference: {fileID: 0}
    - target: {fileID: -8679921383154817045, guid: b8addb49489408540886ad7826c78997,
        type: 3}
      propertyPath: m_LocalPosition.y
      value: -0.10189998
      objectReference: {fileID: 0}
    - target: {fileID: -8679921383154817045, guid: b8addb49489408540886ad7826c78997,
        type: 3}
      propertyPath: m_LocalPosition.z
      value: -5.592
      objectReference: {fileID: 0}
    - target: {fileID: -8679921383154817045, guid: b8addb49489408540886ad7826c78997,
        type: 3}
      propertyPath: m_LocalRotation.x
      value: -0.49999994
      objectReference: {fileID: 0}
    - target: {fileID: -8679921383154817045, guid: b8addb49489408540886ad7826c78997,
        type: 3}
      propertyPath: m_LocalRotation.y
      value: 0.5000001
      objectReference: {fileID: 0}
    - target: {fileID: -8679921383154817045, guid: b8addb49489408540886ad7826c78997,
        type: 3}
      propertyPath: m_LocalRotation.z
      value: 0.5
      objectReference: {fileID: 0}
    - target: {fileID: -8679921383154817045, guid: b8addb49489408540886ad7826c78997,
        type: 3}
      propertyPath: m_LocalRotation.w
      value: 0.5
      objectReference: {fileID: 0}
    - target: {fileID: -8679921383154817045, guid: b8addb49489408540886ad7826c78997,
        type: 3}
      propertyPath: m_RootOrder
      value: 24
      objectReference: {fileID: 0}
    - target: {fileID: -8679921383154817045, guid: b8addb49489408540886ad7826c78997,
        type: 3}
      propertyPath: m_LocalEulerAnglesHint.x
      value: -90.00001
      objectReference: {fileID: 0}
    - target: {fileID: -8679921383154817045, guid: b8addb49489408540886ad7826c78997,
        type: 3}
      propertyPath: m_LocalEulerAnglesHint.y
      value: 0
      objectReference: {fileID: 0}
    - target: {fileID: -8679921383154817045, guid: b8addb49489408540886ad7826c78997,
        type: 3}
      propertyPath: m_LocalEulerAnglesHint.z
      value: 90.00001
      objectReference: {fileID: 0}
    - target: {fileID: -8679921383154817045, guid: b8addb49489408540886ad7826c78997,
        type: 3}
      propertyPath: m_LocalScale.x
      value: 0.55494297
      objectReference: {fileID: 0}
    - target: {fileID: 919132149155446097, guid: b8addb49489408540886ad7826c78997,
        type: 3}
      propertyPath: m_Name
      value: Barrier_03 (12)
      objectReference: {fileID: 0}
    m_RemovedComponents: []
  m_SourcePrefab: {fileID: 100100000, guid: b8addb49489408540886ad7826c78997, type: 3}
--- !u!4 &9212149885613584130 stripped
Transform:
  m_CorrespondingSourceObject: {fileID: -8679921383154817045, guid: b8addb49489408540886ad7826c78997,
    type: 3}
  m_PrefabInstance: {fileID: 8670160450188101865}
  m_PrefabAsset: {fileID: 0}
--- !u!1001 &8731130221682257232
PrefabInstance:
  m_ObjectHideFlags: 0
  serializedVersion: 2
  m_Modification:
    m_TransformParent: {fileID: 6322779440061567352}
    m_Modifications:
    - target: {fileID: -8679921383154817045, guid: e4d91ea7a9425f04cbc622fb40766b83,
        type: 3}
      propertyPath: m_LocalPosition.x
      value: 0
      objectReference: {fileID: 0}
    - target: {fileID: -8679921383154817045, guid: e4d91ea7a9425f04cbc622fb40766b83,
        type: 3}
      propertyPath: m_LocalPosition.y
      value: -0.653
      objectReference: {fileID: 0}
    - target: {fileID: -8679921383154817045, guid: e4d91ea7a9425f04cbc622fb40766b83,
        type: 3}
      propertyPath: m_LocalPosition.z
      value: 1.5229998
      objectReference: {fileID: 0}
    - target: {fileID: -8679921383154817045, guid: e4d91ea7a9425f04cbc622fb40766b83,
        type: 3}
      propertyPath: m_LocalRotation.x
      value: -0
      objectReference: {fileID: 0}
    - target: {fileID: -8679921383154817045, guid: e4d91ea7a9425f04cbc622fb40766b83,
        type: 3}
      propertyPath: m_LocalRotation.y
      value: -0
      objectReference: {fileID: 0}
    - target: {fileID: -8679921383154817045, guid: e4d91ea7a9425f04cbc622fb40766b83,
        type: 3}
      propertyPath: m_LocalRotation.z
      value: -0
      objectReference: {fileID: 0}
    - target: {fileID: -8679921383154817045, guid: e4d91ea7a9425f04cbc622fb40766b83,
        type: 3}
      propertyPath: m_LocalRotation.w
      value: 1
      objectReference: {fileID: 0}
    - target: {fileID: -8679921383154817045, guid: e4d91ea7a9425f04cbc622fb40766b83,
        type: 3}
      propertyPath: m_RootOrder
      value: 8
      objectReference: {fileID: 0}
    - target: {fileID: -8679921383154817045, guid: e4d91ea7a9425f04cbc622fb40766b83,
        type: 3}
      propertyPath: m_LocalEulerAnglesHint.x
      value: 0
      objectReference: {fileID: 0}
    - target: {fileID: -8679921383154817045, guid: e4d91ea7a9425f04cbc622fb40766b83,
        type: 3}
      propertyPath: m_LocalEulerAnglesHint.y
      value: 0
      objectReference: {fileID: 0}
    - target: {fileID: -8679921383154817045, guid: e4d91ea7a9425f04cbc622fb40766b83,
        type: 3}
      propertyPath: m_LocalEulerAnglesHint.z
      value: 0
      objectReference: {fileID: 0}
    - target: {fileID: -8679921383154817045, guid: e4d91ea7a9425f04cbc622fb40766b83,
        type: 3}
      propertyPath: m_LocalScale.x
      value: 0.096512206
      objectReference: {fileID: 0}
    - target: {fileID: -8679921383154817045, guid: e4d91ea7a9425f04cbc622fb40766b83,
        type: 3}
      propertyPath: m_LocalScale.y
      value: 0.063263044
      objectReference: {fileID: 0}
    - target: {fileID: -8679921383154817045, guid: e4d91ea7a9425f04cbc622fb40766b83,
        type: 3}
      propertyPath: m_LocalScale.z
      value: 0.12255518
      objectReference: {fileID: 0}
    - target: {fileID: 919132149155446097, guid: e4d91ea7a9425f04cbc622fb40766b83,
        type: 3}
      propertyPath: m_Name
      value: Pillar_01 (7)
      objectReference: {fileID: 0}
    m_RemovedComponents: []
  m_SourcePrefab: {fileID: 100100000, guid: e4d91ea7a9425f04cbc622fb40766b83, type: 3}
--- !u!4 &9124730245221518011 stripped
Transform:
  m_CorrespondingSourceObject: {fileID: -8679921383154817045, guid: e4d91ea7a9425f04cbc622fb40766b83,
    type: 3}
  m_PrefabInstance: {fileID: 8731130221682257232}
  m_PrefabAsset: {fileID: 0}
